/home/tvincent/Dropbox/Research/Notes/EllipticSolver/PaperALL/FourthVersion/References_final.bib