@article{abadie2010predictions,
  title={Predictions for the rates of compact binary coalescences observable by ground-based gravitational-wave detectors},
  author={Abadie, Jea and Abbott, BP and Abbott, R and Abernathy, M and Accadia, T and Acernese, F and Adams, C and Adhikari, R and Ajith, P and Allen, B and others},
  journal={Classical and Quantum Gravity},
  volume={27},
  number={17},
  pages={173001},
  year={2010},
  publisher={IOP Publishing}
}
@article{acernese2015advanced,
  title={Advanced Virgo: a second-generation interferometric gravitational wave detector},
  author={Acernese, F and Agathos, M and Agatsuma, K and Aisa, D and Allemandou, N and Allocca, A and Amarni, J and Astone, P and Balestri, G and Ballardin, G and others},
  journal={Classical and Quantum Gravity},
  volume={32},
  number={2},
  pages={024001},
  year={2015},
  publisher={IOP Publishing}
}
@article{affeldt2014advanced,
  title={Advanced techniques in GEO 600},
  author={Affeldt, Christoph and Danzmann, Karsten and Dooley, Katherine L and Grote, Hartmut and Hewitson, Martin and Hild, Stefan and Hough, J and Leong, Jonathan and Lueck, Harald and Prijatelj, Mirko and others},
  journal={Classical and quantum gravity},
  volume={31},
  number={22},
  pages={224002},
  year={2014},
  publisher={IOP Publishing}
}
@article{agathos2014tiger,
  title={TIGER: A data analysis pipeline for testing the strong-field dynamics of general relativity with gravitational wave signals from coalescing compact binaries},
  author={Agathos, Michalis and Del Pozzo, Walter and Li, Tjonnie GF and Van Den Broeck, Chris and Veitch, John and Vitale, Salvatore},
  journal={Physical Review D},
  volume={89},
  number={8},
  pages={082001},
  year={2014},
  publisher={APS}
}
@article{agathos2015constraining,
  title={Constraining the neutron star equation of state with gravitational wave signals from coalescing binary neutron stars},
  author={Agathos, Michalis and Meidam, Jeroen and Del Pozzo, Walter and Li, Tjonnie GF and Tompitak, Marco and Veitch, John and Vitale, Salvatore and Broeck, Chris Van Den},
  journal={arXiv preprint arXiv:1503.05405},
  year={2015}
}
@book{alcubierre2012introduction,
  title={Introduction to 3+1 Numerical Relativity},
  author={Alcubierre, M.},
  isbn={9780199656158},
  series={International Series of Monographs on Physics},
  url={https://books.google.ca/books?id=t4UKuQAACAAJ},
  year={2012},
  publisher={OUP Oxford}
}
@article{ali2015distributed,
  title={Distributed Computing: An Overview},
  author={Ali, Md Firoj and Khan, Rafiqul Zaman},
  journal={Int. J. Advanced Networking and Applications},
  volume={7},
  number={01},
  pages={2630--2635},
  year={2015}
}
@article{anderson2012neutron,
  title={Neutron star evolutions using tabulated equations of state with a new execution model},
  author={Anderson, Matthew and Brodowicz, Maciej and Kaiser, Hartmut and Adelstein-Lelbach, Bryce and Sterling, Thomas},
  journal={arXiv preprint arXiv:1205.5055},
  year={2012}
}
@article{ansorg2004single,
  title={Single-domain spectral method for black hole puncture data},
  author={Ansorg, Marcus and Br{\"u}gmann, Bernd and Tichy, Wolfgang},
  journal={Physical Review D},
  volume={70},
  number={6},
  pages={064011},
  year={2004},
  publisher={APS}
}
@article{antonietti2011class,
  title={A class of domain decomposition preconditioners for hp-discontinuous Galerkin finite element methods},
  author={Antonietti, Paola F and Houston, Paul},
  journal={Journal of Scientific Computing},
  volume={46},
  number={1},
  pages={124--149},
  year={2011},
  publisher={Springer}
}
@article{antonietti2013multigrid,
  title={Multigrid algorithms for $ hp $-Discontinuous Galerkin discretizations of elliptic problems},
  author={Antonietti, Paola F and Sarti, Marco and Verani, Marco},
  journal={arXiv preprint arXiv:1310.6573},
  year={2013}
}
@article{antonietti2014multigrid,
  title={Multigrid algorithms for $ hp $-version Interior Penalty Discontinuous Galerkin methods on polygonal and polyhedral meshes},
  author={Antonietti, Paola F and Houston, Paul and Sarti, Marco and Verani, Marco},
  journal={arXiv preprint arXiv:1412.0913},
  year={2014}
}
@article{antonietti2015multigrid,
  title={Multigrid algorithms for hp-Discontinuous Galerkin discretizations of elliptic problems},
  author={Antonietti, Paola F and Sarti, Marco and Verani, Marco},
  journal={SIAM Journal on Numerical Analysis},
  volume={53},
  number={1},
  pages={598--618},
  year={2015},
  publisher={SIAM}
}
@article{arnowitt2008republication,
  title={Republication of: The dynamics of general relativity},
  author={Arnowitt, Richard and Deser, Stanley and Misner, Charles W},
  journal={General Relativity and Gravitation},
  volume={40},
  number={9},
  pages={1997--2027},
  year={2008},
  publisher={Springer}
}
@article{bangerth2009data,
  title={Data structures and requirements for hp finite element software},
  author={Bangerth, Wolfgang and Kayser-Herold, O},
  journal={ACM Transactions on Mathematical Software (TOMS)},
  volume={36},
  number={1},
  pages={4},
  year={2009},
  publisher={ACM}
}
@book{baumgarte2010numerical,
  title={Numerical relativity: solving Einstein's equations on the computer},
  author={Baumgarte, Thomas W and Shapiro, Stuart L},
  year={2010},
  publisher={Cambridge University Press}
}
@article{bauswein2010testing,
  title={Testing approximations of thermal effects in neutron star merger simulations},
  author={Bauswein, A and Janka, H-T and Oechslin, R},
  journal={Physical Review D},
  volume={82},
  number={8},
  pages={084043},
  year={2010},
  publisher={APS}
}
@article{bauswein2014revealing,
  title={Revealing the high-density equation of state through binary neutron star mergers},
  author={Bauswein, A and Stergioulas, N and Janka, H-T},
  journal={Physical Review D},
  volume={90},
  number={2},
  pages={023002},
  year={2014},
  publisher={APS}
}
@article{bernuzzi2015towards,
  title={Towards a description of the complete gravitational wave spectrum of neutron star mergers},
  author={Bernuzzi, Sebastiano and Dietrich, Tim and Nagar, Alessandro},
  journal={arXiv preprint arXiv:1504.01764},
  year={2015}
}
@article{berry1987templates,
  title={Templates for the Solution of Linear Systems: Building Blocks for Iterative Methods1},
  author={Berry, Richard Barrett2Michael and Chan, Tony F and Demmel, James and Donato, June M and Dongarra, Jack and Eijkhout, Victor and Pozo, Roldan and Romine, Charles and Van der Vorst10, Henk},
  journal={Society for Industrial Mathematics},
  year={1987}
}
@article{bi2015posteriori,
  title={A posteriori error estimates of hp-discontinuous Galerkin method for strongly nonlinear elliptic problems},
  author={Bi, Chunjia and Wang, Cheng and Lin, Yanping},
  journal={Computer Methods in Applied Mechanics and Engineering},
  volume={297},
  pages={140--166},
  year={2015},
  publisher={Elsevier}
}
@article{brandt1997simple,
  title={A simple construction of initial data for multiple black holes},
  author={Brandt, Steven and Br{\"u}gmann, Bernd},
  journal={Physical Review Letters},
  volume={78},
  number={19},
  pages={3606},
  year={1997},
  publisher={APS}
}
@book{brandt2011multigrid,
  title={Multigrid Techniques: 1984 Guide with Applications to Fluid Dynamics (Revised Edn)},
  author={Brandt, A. and Livne, O.E.},
  isbn={9781611970746},
  lccn={2011011296},
  series={Classics in Applied Mathematics},
  url={http://books.google.ca/books?id=EvClMX03MyAC},
  year={2011},
  publisher={Society for Industrial and Applied Mathematics}
}
@book{briggs2000multigrid,
  title={A Multigrid Tutorial: Second Edition},
  author={Briggs, W.L. and Henson, V.E. and McCormick, S.F.},
  isbn={9780898714623},
  lccn={87062333},
  url={https://books.google.ca/books?id=oSTGBm64o1AC},
  year={2000},
  publisher={Society for Industrial and Applied Mathematics}
}
@article{brown2005multigrid,
  title={Multigrid elliptic equation solver with adaptive mesh refinement},
  author={Brown, J David and Lowe, Lisa L},
  journal={Journal of Computational Physics},
  volume={209},
  number={2},
  pages={582--598},
  year={2005},
  publisher={Elsevier}
}
@article{brown2010efficient,
  title={Efficient nonlinear solvers for nodal high-order finite elements in 3D},
  author={Brown, Jed},
  journal={Journal of Scientific Computing},
  volume={45},
  number={1-3},
  pages={48--63},
  year={2010},
  publisher={Springer}
}
@article{buchman2012simulations,
  title={Simulations of unequal-mass black hole binaries with spectral methods},
  author={Buchman, Luisa T and Pfeiffer, Harald P and Scheel, Mark A and Szil{\'a}gyi, B{\'e}la},
  journal={Physical Review D},
  volume={86},
  number={8},
  pages={084033},
  year={2012},
  publisher={APS}
}
@article{buis1996efficient,
  title={Efficient vector and parallel manipulation of tensor products},
  author={Buis, Paul E and Dyksen, Wayne R},
  journal={ACM Transactions on Mathematical Software (TOMS)},
  volume={22},
  number={1},
  pages={18--23},
  year={1996},
  publisher={ACM}
}
@article{buonanno2011reducing,
  title={Reducing orbital eccentricity of precessing black-hole binaries},
  author={Buonanno, Alessandra and Kidder, Lawrence E and Mrou{\'e}, Abdul H and Pfeiffer, Harald P and Taracchini, Andrea},
  journal={Physical Review D},
  volume={83},
  number={10},
  pages={104034},
  year={2011},
  publisher={APS}
}
@article{burgess2012hp,
  title={hp-Adaptive Discontinuous Galerkin Solver for the Navier-Stokes Equations},
  author={Burgess, Nicholas K and Mavriplis, Dimitri J},
  journal={AIAA journal},
  volume={50},
  number={12},
  pages={2682--2694},
  year={2012}
}
@article{burstedde2011p4est,
  title={p4est: Scalable algorithms for parallel adaptive mesh refinement on forests of octrees},
  author={Burstedde, Carsten and Wilcox, Lucas C and Ghattas, Omar},
  journal={SIAM Journal on Scientific Computing},
  volume={33},
  number={3},
  pages={1103--1133},
  year={2011},
  publisher={SIAM}
}
@article{burstedde2013large,
  title={Large-scale adaptive mantle convection simulation},
  author={Burstedde, Carsten and Stadler, Georg and Alisic, Laura and Wilcox, Lucas C and Tan, Eh and Gurnis, Michael and Ghattas, Omar},
  journal={Geophysical Journal International},
  volume={192},
  number={3},
  pages={889--906},
  year={2013},
  publisher={Oxford University Press}
}
@article{cao2015binary,
  title={Binary black hole simulation with an adaptive finite element method: Solving the Einstein constraint equations},
  author={Cao, Zhoujian},
  journal={Physical Review D},
  volume={91},
  number={4},
  pages={044033},
  year={2015},
  publisher={APS}
}
@article{cardoso2014exploring,
  title={Exploring new physics frontiers through numerical relativity},
  author={Cardoso, Vitor and Gualtieri, Leonardo and Herdeiro, Carlos and Sperhake, Ulrich},
  journal={arXiv preprint arXiv:1409.0014},
  year={2014}
}
@article{caudill2006circular,
  title={Circular orbits and spin in black-hole initial data},
  author={Caudill, Matthew and Cook, Gregory B and Grigsby, Jason D and Pfeiffer, Harald P},
  journal={Physical Review D},
  volume={74},
  number={6},
  pages={064011},
  year={2006},
  publisher={APS}
}
@article{chatziioannou2015probing,
  title={Probing the Internal Composition of Neutron Stars with Gravitational Waves},
  author={Chatziioannou, Katerina and Yagi, Kent and Klein, Antoine and Cornish, Neil and Yunes, Nicolas},
  journal={arXiv preprint arXiv:1508.02062},
  year={2015}
}
@phdthesis{chu2011numerical,
  title={Numerical simulations of black-hole spacetimes},
  author={Chu, Tony},
  year={2011},
  school={California Institute of Technology}
}
@misc{composewebsite,
  howpublished={\url{http://compose.obspm.fr/}}
}@article{cook2004excision,
  title={Excision boundary conditions for black-hole initial data},
  author={Cook, Gregory B and Pfeiffer, Harald P},
  journal={Physical Review D},
  volume={70},
  number={10},
  pages={104016},
  year={2004},
  publisher={APS}
}
@article{cordero2009improved,
  title={Improved constrained scheme for the Einstein equations: An approach to the uniqueness issue},
  author={Cordero-Carri{\'o}n, Isabel and Cerd{\'a}-Dur{\'a}n, Pablo and Dimmelmeier, Harald and Jaramillo, Jos{\'e} Luis and Novak, J{\'e}r{\^o}me and Gourgoulhon, Eric},
  journal={Physical Review D},
  volume={79},
  number={2},
  pages={024017},
  year={2009},
  publisher={APS}
}
@article{crivellini2011implicit,
  title={An implicit matrix-free discontinuous Galerkin solver for viscous and turbulent aerodynamic simulations},
  author={Crivellini, ANDREA and Bassi, FRANCESCO},
  journal={Computers \& fluids},
  volume={50},
  number={1},
  pages={81--93},
  year={2011},
  publisher={Elsevier}
}
@techreport{crone2014parallel,
  title={Parallel Performance of Linear Solvers and Preconditioners},
  author={Crone, Joshua C and Munday, Lynn B},
  year={2014},
  institution={DTIC Document}
}
@book{date2014general,
  title={General Relativity: Basics and Beyond},
  author={Date, Ghanashyam},
  year={2014},
  publisher={CRC Press}
}
@article{deaton2013black,
  title={Black Hole-Neutron Star Mergers with a Hot Nuclear Equation of State: Outflow and Neutrino-cooled Disk for a Low-mass, High-spin Case},
  author={Deaton, M Brett and Duez, Matthew D and Foucart, Francois and O'Connor, Evan and Ott, Christian D and Kidder, Lawrence E and Muhlberger, Curran D and Scheel, Mark A and Szilagyi, Bela},
  journal={The Astrophysical Journal},
  volume={776},
  number={1},
  pages={47},
  year={2013},
  publisher={IOP Publishing}
}
@article{dennison2006approximate,
  title={Approximate initial data for binary black holes},
  author={Dennison, Kenneth A and Baumgarte, Thomas W and Pfeiffer, Harald P},
  journal={Physical Review D},
  volume={74},
  number={6},
  pages={064016},
  year={2006},
  publisher={APS}
}
@book{deuflhard2011newton,
  title={Newton methods for nonlinear problems: affine invariance and adaptive algorithms},
  author={Deuflhard, Peter},
  volume={35},
  year={2011},
  publisher={Springer Science \& Business Media}
}
@article{east2012conformal,
  title={Conformal thin-sandwich solver for generic initial data},
  author={East, William E and Ramazano{\u{g}}lu, Fethi M and Pretorius, Frans},
  journal={Physical Review D},
  volume={86},
  number={10},
  pages={104053},
  year={2012},
  publisher={APS}
}
@article{eskilsson2011hp,
  title={An hp-adaptive discontinuous Galerkin method for shallow water flows},
  author={Eskilsson, Claes},
  journal={International Journal for Numerical Methods in Fluids},
  volume={67},
  number={11},
  pages={1605--1623},
  year={2011},
  publisher={Wiley Online Library}
}
@article{evans2005computational,
  title={Computational relativistic astrophysics with adaptive mesh refinement: Testbeds},
  author={Evans, Edwin and Iyer, Sai and Schnetter, Erik and Suen, Wai-Mo and Tao, Jian and Wolfmeyer, Randy and Zhang, Hui-Min},
  journal={Physical Review D},
  volume={71},
  number={8},
  pages={081301},
  year={2005},
  publisher={APS}
}
@article{faber2012binary,
  title={Binary neutron star mergers},
  author={Faber, Joshua A and Rasio, Frederic A},
  journal={Living Rev. Relativity},
  volume={15},
  number={8},
  year={2012}
}
@article{fengadiscontinuous,
  title={Discontinuous Galerkin Derivative Operators with Applications to Second Order Elliptic Problems and Stability},
  author={Fenga, W and Lewisb, TL and Wisea, SM}
}
@article{fernandes1998efficient,
  title={Efficient descriptor-vector multiplications in stochastic automata networks},
  author={Fernandes, Paulo and Plateau, Brigitte and Stewart, William J},
  journal={Journal of the ACM (JACM)},
  volume={45},
  number={3},
  pages={381--414},
  year={1998},
  publisher={ACM}
}
@article{fidkowski2004development,
  title={Development of a higher-order solver for aerodynamic applications},
  author={Fidkowski, Krzysztof J and Darmofal, David L},
  journal={AIAA Paper},
  volume={436},
  pages={5--8},
  year={2004}
}
@article{flanagan2008constraining,
  title={Constraining neutron-star tidal Love numbers with gravitational-wave detectors},
  author={Flanagan, {\'E}anna {\'E} and Hinderer, Tanja},
  journal={Physical Review D},
  volume={77},
  number={2},
  pages={021502},
  year={2008},
  publisher={APS}
}
@article{font2000three,
  title={Three-dimensional numerical general relativistic hydrodynamics: Formulations, methods, and code tests},
  author={Font, Jose A and Miller, Mark and Suen, Wai-Mo and Tobias, Malcolm},
  journal={Physical Review D},
  volume={61},
  number={4},
  pages={044011},
  year={2000},
  publisher={APS}
}
@article{forticomparison,
  title={COMPARISON OF FINITE ELEMENT FORMULATIONS FOR THE POISSON PROBLEM},
  author={Forti, Tiago LD and Farias, Agnaldo M and Devloo, Philippe RB and Gomes, S{\^o}nia Maria}
}
@article{foucart2008initial,
  title={Initial data for black hole--neutron star binaries: A flexible, high-accuracy spectral method},
  author={Foucart, Francois and Kidder, Lawrence E and Pfeiffer, Harald P and Teukolsky, Saul A},
  journal={Physical Review D},
  volume={77},
  number={12},
  pages={124051},
  year={2008},
  publisher={APS}
}@article{foucart2011numerical,
  title={Numerical Studies Of Black Hole-Neutron Star Binaries},
  author={Foucart, Francois},
  year={2011}
}
@article{foucart2013black,
  title={Black-hole--neutron-star mergers at realistic mass ratios: Equation of state and spin orientation effects},
  author={Foucart, Francois and Deaton, M Brett and Duez, Matthew D and Kidder, Lawrence E and MacDonald, Ilana and Ott, Christian D and Pfeiffer, Harald P and Scheel, Mark A and Szilagyi, Bela and Teukolsky, Saul A},
  journal={Physical Review D},
  volume={87},
  number={8},
  pages={084006},
  year={2013},
  publisher={APS}
}
@article{foucart2014neutron,
  title={Neutron star-black hole mergers with a nuclear equation of state and neutrino cooling: Dependence in the binary parameters},
  author={Foucart, Francois and Deaton, M Brett and Duez, Matthew D and O’Connor, Evan and Ott, Christian D and Haas, Roland and Kidder, Lawrence E and Pfeiffer, Harald P and Scheel, Mark A and Szilagyi, Bela},
  journal={Physical Review D},
  volume={90},
  number={2},
  pages={024026},
  year={2014},
  publisher={APS}
}
@article{foucart2015post,
  title={Post-merger evolution of a neutron star-black hole binary with neutrino transport},
  author={Foucart, Francois and O'Connor, Evan and Roberts, Luke and Duez, Matthew D and Haas, Roland and Kidder, Lawrence E and Ott, Christian D and Pfeiffer, Harald P and Scheel, Mark A and Szilagyi, Bela},
  journal={arXiv preprint arXiv:1502.04146},
  year={2015}
}
@article{fukukawa2015nuclear,
  title={Nuclear matter equation of state from a quark-model nucleon-nucleon interaction},
  author={Fukukawa, K and Baldo, M and Burgio, GF and Monaco, L Lo and Schulze, H-J},
  journal={arXiv preprint arXiv:1507.07288},
  year={2015}
}
@article{galaviz2010numerical,
  title={Numerical evolution of multiple black holes with accurate initial data},
  author={Galaviz, Pablo and Br{\"u}gmann, Bernd and Cao, Zhoujian},
  journal={Physical Review D},
  volume={82},
  number={2},
  pages={024005},
  year={2010},
  publisher={APS}
}
@phdthesis{gao2013kronecker,
  title={Kronecker Products on Preconditioning},
  author={Gao, Longfei},
  year={2013},
  school={King Abdullah University of Science and Technology}
}
@article{gao2014physics,
  title={Physics of Gamma-ray Bursts and Multi-messenger Signals from Double Neutron Star Mergers},
  author={Gao, He},
  year={2014}
}
@article{ghysels2012improving,
  title={Improving the arithmetic intensity of multigrid with the help of polynomial smoothers},
  author={Ghysels, P and K{\l}osiewicz, P and Vanroose, W},
  journal={Numerical Linear Algebra with Applications},
  volume={19},
  number={2},
  pages={253--267},
  year={2012},
  publisher={Wiley Online Library}
}
@article{giani2014hp,
  title={hp--Adaptive composite discontinuous Galerkin methods for elliptic problems on complicated domains},
  author={Giani, Stefano and Houston, Paul},
  journal={Numerical Methods for Partial Differential Equations},
  volume={30},
  number={4},
  pages={1342--1367},
  year={2014},
  publisher={Wiley Online Library}
}
@article{gopalakrishnan2003multilevel,
  title={A multilevel discontinuous Galerkin method},
  author={Gopalakrishnan, Jay and Kanschat, Guido},
  journal={Numerische Mathematik},
  volume={95},
  number={3},
  pages={527--550},
  year={2003},
  publisher={Springer}
}
@article{gourgoulhon2001quasiequilibrium,
  title={Quasiequilibrium sequences of synchronized and irrotational binary neutron stars in general relativity: Method and tests},
  author={Gourgoulhon, Eric and Grandclement, Philippe and Taniguchi, Keisuke and Marck, Jean-Alain and Bonazzola, Silvano},
  journal={Physical Review D},
  volume={63},
  number={6},
  pages={064029},
  year={2001},
  publisher={APS}
}
@article{grandclement2009spectral,
  title={Spectral methods for numerical relativity},
  author={Grandcl{\'e}ment, Philippe and Novak, J{\'e}r{\^o}me},
  journal={Living Rev. Relativity},
  volume={12},
  number={1},
  year={2009}
}
@article{harry2010advanced,
  title={Advanced LIGO: the next generation of gravitational wave detectors},
  author={Harry, Gregory M and LIGO Scientific Collaboration and others},
  journal={Classical and Quantum Gravity},
  volume={27},
  number={8},
  pages={084006},
  year={2010},
  publisher={IOP Publishing}
}
@article{hemker2003two,
  title={Two-level Fourier analysis of a multigrid approach for discontinuous Galerkin discretization},
  author={Hemker, PW and Hoffmann, W and Van Raalte, MH},
  journal={SIAM Journal on Scientific Computing},
  volume={25},
  number={3},
  pages={1018--1041},
  year={2003},
  publisher={SIAM}
}
@article{henriksson2014initial,
  title={Initial data for high-compactness black hole-neutron star binaries},
  author={Henriksson, Katherine and Foucart, Fran{\c{c}}ois and Kidder, Lawrence E and Teukolsky, Saul A},
  journal={arXiv preprint arXiv:1409.7159},
  year={2014}
}@phdthesis{henriksson2015topics,
  title={Topics In Neutron Star Physics},
  author={Henriksson, Kate},
  year={2015},
  school={Cornell}
}
@book{hesthaven2008nodal,
  title={Nodal Discontinuous Galerkin Methods: Algorithms, Analysis, and Applications},
  author={Hesthaven, J.S. and Warburton, T.},
  isbn={9780387720654},
  lccn={2007939528},
  series={Texts in Applied Mathematics},
  url={https://books.google.ca/books?id=APQkDOmwyksC},
  year={2008},
  publisher={Springer}
}
@article{hinderer2010tidal,
  title={Tidal deformability of neutron stars with realistic equations of state and their gravitational wave signatures in binary inspiral},
  author={Hinderer, Tanja and Lackey, Benjamin D and Lang, Ryan N and Read, Jocelyn S},
  journal={Physical Review D},
  volume={81},
  number={12},
  pages={123016},
  year={2010},
  publisher={APS}
}
@article{houston2005discontinuous,
  title={Discontinuous Galerkin finite element approximation of quasilinear elliptic boundary value problems I: The scalar case},
  author={Houston, Paul and Robson, Janice and S{\"u}li, Endre},
  journal={IMA journal of numerical analysis},
  volume={25},
  number={4},
  pages={726--749},
  year={2005},
  publisher={Oxford University Press}
}
@article{houston2007energy,
  title={Energy norm a posteriori error estimation of hp-adaptive discontinuous Galerkin methods for elliptic problems},
  author={Houston, Paul and Sch{\"o}tzau, Dominik and Wihler, Thomas P},
  journal={Mathematical Models and Methods in Applied Sciences},
  volume={17},
  number={01},
  pages={33--62},
  year={2007},
  publisher={World Scientific}
}
@article{houston2008posteriori,
  title={A posteriori error analysis of hp-version discontinuous Galerkin finite-element methods for second-order quasi-linear elliptic PDEs},
  author={Houston, Paul and S{\"u}li, Endre and Wihler, Thomas P},
  journal={IMA journal of numerical analysis},
  volume={28},
  number={2},
  pages={245--273},
  year={2008},
  publisher={Oxford University Press}
}
@book{idema2015convergence,
  title={On the convergence of inexact Newton methods},
  author={Idema, Reijer and Lahaye, Domenico and Vuik, Cornelis},
  year={2015},
  publisher={Springer}
}
@article{isaac2014recursive,
  title={Recursive Algorithms for Distributed Forests of Octrees},
  author={Isaac, Tobin and Burstedde, Carsten and Wilcox, Lucas C and Ghattas, Omar},
  journal={arXiv preprint arXiv:1406.0089},
  year={2014}
}
@article{ji2013post,
  title={The post-merger magnetized evolution of white dwarf binaries: The double-degenerate channel of sub-Chandrasekhar type Ia supernovae and the formation of magnetized white dwarfs},
  author={Ji, Suoqing and Fisher, Robert T and Garc{\'\i}a-Berro, Enrique and Tzeferacos, Petros and Jordan, George and Lee, Dongwook and Lor{\'e}n-Aguilar, Pablo and Cremer, Pascal and Behrends, Jan},
  journal={The Astrophysical Journal},
  volume={773},
  number={2},
  pages={136},
  year={2013},
  publisher={IOP Publishing}
}
@article{jimackscalable,
  title={Scalable Parallel Multigrid Preconditioning for High Fidelity Finite Element and Finite Difference Simulations},
  author={Jimack, Peter K and Walkley, Mark A and Zhang, Jianfei}
}
@book{kale2014atutorial,
  title={A Tutorial Introduction to Charm++},
  author={Kale, Laxmikant},
  year={2014},
  publisher={Unpublished}
}
@article{kawaguchi2015black,
  title={Black hole-neutron star binary merger: Dependence on black hole spin orientation and equations of state},
  author={Kawaguchi, Kyohei and Kyutoku, Koutarou and Nakano, Hiroyuki and Okawa, Hirotada and Shibata, Masaru and Taniguchi, Keisuke},
  journal={arXiv preprint arXiv:1506.05473},
  year={2015}
}
@book{kelley2003solving,
  title={Solving nonlinear equations with Newton's method},
  author={Kelley, Carl T},
  volume={1},
  year={2003},
  publisher={Siam}
}
@phdthesis{keppel2009signatures,
  title={Signatures and dynamics of compact binary coalescences and a search in LIGO’s S5 data},
  author={Keppel, Drew Garvin},
  year={2009},
  school={California Institute of Technology}
}
@article{kidder2000spectral,
  title={Spectral methods for numerical relativity: The initial data problem},
  author={Kidder, Lawrence E and Finn, Lee Samuel},
  journal={Physical Review D},
  volume={62},
  number={8},
  pages={084026},
  year={2000},
  publisher={APS}
}
@article{kim2014stiffer,
  title={Stiffer EoS for Compact Star with New Scaling Law},
  author={Kim, Kyungmin and Kuo, TTS and Lee, Hyun Kyu and Lee, Jaehyun and Rho, Mannque},
  journal={arXiv preprint arXiv:1412.5380},
  year={2014}
}
@article{king2013exploiting,
  title={Exploiting Batch Processing on Streaming Architectures to Solve 2D Elliptic Finite Element Problems: A Hybridized Discontinuous Galerkin (HDG) Case Study},
  author={King, James and Yakovlev, Sergey and Fu, Zhisong and Kirby, Robert M and Sherwin, Spencer J},
  journal={Journal of Scientific Computing},
  pages={1--26},
  year={2013},
  publisher={Springer}
}
@article{kirby2005selecting,
  title={Selecting the numerical flux in discontinuous Galerkin methods for diffusion problems},
  author={Kirby, Robert M and Karniadakis, George Em},
  journal={Journal of Scientific Computing},
  volume={22},
  number={1-3},
  pages={385--411},
  year={2005},
  publisher={Springer}
}
@article{kirby2012cg,
  title={To CG or to HDG: a comparative study},
  author={Kirby, Robert M and Sherwin, Spencer J and Cockburn, Bernardo},
  journal={Journal of Scientific Computing},
  volume={51},
  number={1},
  pages={183--212},
  year={2012},
  publisher={Springer}
}
@article{klaij2007h,
  title={h-Multigrid for space-time discontinuous Galerkin discretizations of the compressible Navier--Stokes equations},
  author={Klaij, Christiaan M and van Raalte, Marc H and van der Ven, Harmen and van der Vegt, Jaap JW},
  journal={Journal of Computational Physics},
  volume={227},
  number={2},
  pages={1024--1045},
  year={2007},
  publisher={Elsevier}
}
@book{kopriva2009implementing,
  title={Implementing spectral methods for partial differential equations: Algorithms for scientists and engineers},
  author={Kopriva, David A},
  year={2009},
  publisher={Springer Science \& Business Media}
}
@article{kumar2014template,
  title={Template banks for binary black hole searches with numerical relativity waveforms},
  author={Kumar, Prayush and MacDonald, Ilana and Brown, Duncan A and Pfeiffer, Harald P and Cannon, Kipp and Boyle, Michael and Kidder, Lawrence E and Mrou{\'e}, Abdul H and Scheel, Mark A and Szil{\'a}gyi, B{\'e}la and others},
  journal={Physical Review D},
  volume={89},
  number={4},
  pages={042002},
  year={2014},
  publisher={APS}
}
@article{kumar2015physics,
  title={The physics of gamma-ray bursts \& relativistic jets},
  author={Kumar, Pawan and Zhang, Bing},
  journal={Physics Reports},
  volume={561},
  pages={1--109},
  year={2015},
  publisher={Elsevier}
}
@book{kyutoku2013black,
  title={The Black Hole-Neutron Star Binary Merger in Full General Relativity: Dependence on Neutron Star Equations of State},
  author={Kyutoku, Koutarou},
  year={2013},
  publisher={Springer Science \& Business Media}
}
@article{kyutoku2015dynamical,
  title={Dynamical mass ejection from black hole-neutron star binaries},
  author={Kyutoku, Koutarou and Ioka, Kunihito and Okawa, Hirotada and Shibata, Masaru and Taniguchi, Keisuke},
  journal={arXiv preprint arXiv:1502.05402},
  year={2015}
}
@article{lackey2012neutron,
  title={The neutron-star equation of state and gravitational waves from compact binaries},
  author={Lackey, Benjamin D},
  year={2012}
}
@inproceedings{lattimer2015introduction,
  title={Introduction to neutron stars},
  author={Lattimer, James M},
  booktitle={EXOTIC NUCLEI AND NUCLEAR/PARTICLE ASTROPHYSICS (V). FROM NUCLEI TO STARS: Carpathian Summer School of Physics 2014},
  volume={1645},
  pages={61--78},
  year={2015},
  organization={AIP Publishing}
}
@article{levy2009high,
  title={A high-order element-based Galerkin method for the barotropic vorticity equation},
  author={Levy, Michael N and Nair, Ramachandran D and Tufo, Henry M},
  journal={International journal for numerical methods in fluids},
  volume={59},
  number={12},
  pages={1369--1387},
  year={2009},
  publisher={Wiley Online Library}
}
@misc{ligoindiawebsite,
  howpublished={\url{https:
//dcc.ligo.org/LIGO-M1100296/publichttps://dcc.ligo.org/LIGO-M1100296/public}}
}
@inproceedings{lin2012multi,
  title={Multi-Puncture Initial Data in Numerical Relativity},
  author={Lin, Chun-Yu and Cao, Zhoujian and Yo, Hwei-Jang},
  booktitle={International Journal of Modern Physics: Conference Series},
  volume={7},
  pages={247--258},
  year={2012},
  organization={World Scientific}
}
@article{liu2009three,
  title={A three-dimensional nodal-based implementation of a family of discontinuous Galerkin methods for elasticity problems},
  author={Liu, R and Wheeler, MF and Dawson, CN},
  journal={Computers \& Structures},
  volume={87},
  number={3},
  pages={141--150},
  year={2009},
  publisher={Elsevier}
}
@misc{lswebsite,
  howpublished={\url{http://www.astro.sunysb.edu/dswesty/lseos.html}}
}

@inproceedings{mcadams2010parallel,
  title={A parallel multigrid Poisson solver for fluids simulation on large grids},
  author={McAdams, Aleka and Sifakis, Eftychios and Teran, Joseph},
  booktitle={Proceedings of the 2010 ACM SIGGRAPH/Eurographics Symposium on Computer Animation},
  pages={65--74},
  year={2010},
  organization={Eurographics Association}
}
@article{melenk2001residual,
  title={On residual-based a posteriori error estimation in hp-FEM},
  author={Melenk, Jens Markus and Wohlmuth, Barbara I},
  journal={Advances in Computational Mathematics},
  volume={15},
  number={1-4},
  pages={311--331},
  year={2001},
  publisher={Springer}
}
@article{mengaldo2015dealiasing,
  title={Dealiasing techniques for high-order spectral element methods on regular and irregular grids},
  author={Mengaldo, G and De Grazia, D and Moxey, D and Vincent, PE and Sherwin, SJ},
  journal={Journal of Computational Physics},
  volume={299},
  pages={56--81},
  year={2015},
  publisher={Elsevier}
}
@article{metzger2012most,
  title={What is the most promising electromagnetic counterpart of a neutron star binary merger?},
  author={Metzger, Brian D and Berger, Edo},
  journal={The Astrophysical Journal},
  volume={746},
  number={1},
  pages={48},
  year={2012},
  publisher={IOP Publishing}
}
@incollection{mitchell2011survey,
  title={A survey of hp-adaptive strategies for elliptic partial differential equations},
  author={Mitchell, William F and McClain, Marjorie A},
  booktitle={Recent advances in computational and applied mathematics},
  pages={227--258},
  year={2011},
  publisher={Springer}
}
@article{moe2015simple,
  title={A Simple and Effective High-Order Shock-Capturing Limiter for Discontinuous Galerkin Methods},
  author={Moe, Scott A and Rossmanith, James A and Seal, David C},
  journal={arXiv preprint arXiv:1507.03024},
  year={2015}
}
@article{moldenhauer2014initial,
  title={Initial data for binary neutron stars with adjustable eccentricity},
  author={Moldenhauer, Niclas and Markakis, Charalampos M and Johnson-McDaniel, Nathan K and Tichy, Wolfgang and Br{\"u}gmann, Bernd},
  journal={Physical Review D},
  volume={90},
  number={8},
  pages={084043},
  year={2014},
  publisher={APS}
}
@article{mroue2013catalog,
  title={Catalog of 174 Binary Black Hole Simulations for Gravitational Wave Astronomy},
  author={Mrou{\'e}, Abdul H and Scheel, Mark A and Szil{\'a}gyi, B{\'e}la and Pfeiffer, Harald P and Boyle, Michael and Hemberger, Daniel A and Kidder, Lawrence E and Lovelace, Geoffrey and Ossokine, Serguei and Taylor, Nicholas W and others},
  journal={Physical review letters},
  volume={111},
  number={24},
  pages={241104},
  year={2013},
  publisher={APS}
}
@article{muller2014massively,
  title={Massively parallel solvers for elliptic partial differential equations in numerical weather and climate prediction},
  author={M{\"u}ller, Eike H and Scheichl, Robert},
  journal={Quarterly Journal of the Royal Meteorological Society},
  year={2014},
  publisher={Wiley Online Library}
}
@article{oechslin2002conformally,
  title={Conformally flat smoothed particle hydrodynamics application to neutron star mergers},
  author={Oechslin, Roland and Rosswog, Stephan and Thielemann, Friedrich-Karl},
  journal={Physical Review D},
  volume={65},
  number={10},
  pages={103005},
  year={2002},
  publisher={APS}
}
@article{okawa2013initial,
  title={Initial Conditions for Numerical Relativity: Introduction to Numerical Methods for Solving Elliptic PDEs},
  author={Okawa, Hirotada},
  journal={International Journal of Modern Physics A},
  volume={28},
  number={22n23},
  year={2013},
  publisher={World Scientific}
}
@article{oliveira2014newtonian,
  title={Newtonian view of general relativistic stars},
  author={Oliveira, AM and Velten, HES and Fabris, JC and Salako, IG},
  journal={The European Physical Journal C},
  volume={74},
  number={11},
  pages={1--6},
  year={2014},
  publisher={Springer}
}
@article{ossokine2015improvements,
  title={Improvements to the construction of binary black hole initial data},
  author={Ossokine, Serguei and Foucart, Francois and Pfeiffer, Harald P and Boyle, Michael and Szil{\'a}gyi, B{\'e}la},
  journal={arXiv preprint arXiv:1506.01689},
  year={2015}
}
@article{palenzuela2015effects,
  title={Effects of the microphysical Equation of State in the mergers of magnetized Neutron Stars With Neutrino Cooling},
  author={Palenzuela, Carlos and Liebling, Steven L and Neilsen, David and Lehner, Luis and Caballero, OL and O'Connor, Evan and Anderson, Matthew},
  journal={arXiv preprint arXiv:1505.01607},
  year={2015}
}
@article{paschalidis2014relativistic,
  title={Relativistic simulations of black hole-neutron star coalescence: the jet emerges},
  author={Paschalidis, Vasileios and Ruiz, Milton and Shapiro, Stuart L},
  journal={arXiv preprint arXiv:1410.7392},
  year={2014}
}
@article{pfeiffer2002comparing,
  title={Comparing initial-data sets for binary black holes},
  author={Pfeiffer, Harald P and Cook, Gregory B and Teukolsky, Saul A},
  journal={Physical Review D},
  volume={66},
  number={2},
  pages={024047},
  year={2002},
  publisher={APS}
}
@article{pfeiffer2003multidomain,
  title={A multidomain spectral method for solving elliptic equations},
  author={Pfeiffer, Harald P and Kidder, Lawrence E and Scheel, Mark A and Teukolsky, Saul A},
  journal={Computer physics communications},
  volume={152},
  number={3},
  pages={253--273},
  year={2003},
  publisher={Elsevier}
}
@article{pfeiffer2007reducing,
  title={Reducing orbital eccentricity in binary black hole simulations},
  author={Pfeiffer, Harald P and Brown, Duncan A and Kidder, Lawrence E and Lindblom, Lee and Lovelace, Geoffrey and Scheel, Mark A},
  journal={Classical and Quantum Gravity},
  volume={24},
  number={12},
  pages={S59},
  year={2007},
  publisher={IOP Publishing}
}
@article{pfeiffer2012numerical,
  title={Numerical simulations of compact object binaries},
  author={Pfeiffer, Harald P},
  journal={arXiv preprint arXiv:1203.5166},
  year={2012}
}
@article{piran2014implications,
  title={Implications of GRB 130603B and its macronova for r-process nucleosynthesis},
  author={Piran, Tsvi and Korobkin, Oleg and Rosswog, Stephan},
  journal={arXiv preprint arXiv:1401.2166},
  year={2014}
}
@article{pretorius2005numerical,
  title={Numerical relativity using a generalized harmonic decomposition},
  author={Pretorius, Frans},
  journal={Classical and Quantum Gravity},
  volume={22},
  number={2},
  pages={425},
  year={2005},
  publisher={IOP Publishing}
}
@article{pretorius2006simulation,
  title={Simulation of binary black hole spacetimes with a harmonic evolution scheme},
  author={Pretorius, Frans},
  journal={Classical and Quantum Gravity},
  volume={23},
  number={16},
  pages={S529},
  year={2006},
  publisher={IOP Publishing}
}
@phdthesis{privitera2014importance,
  title={The importance of spin for observing gravitational waves from coalescing compact binaries with LIGO and Virgo},
  author={Privitera, Stephen M},
  year={2014},
  school={California Institute of Technology}
}
@article{racz2015black,
  title={Black hole initial data without elliptic equations},
  author={R{\'a}cz, Istv{\'a}n and Winicour, Jeffrey},
  journal={arXiv preprint arXiv:1502.06884},
  year={2015}
}
@book{read2008neutron,
  title={Neutron stars in compact binary systems: From the equation of state to gravitational radiation},
  author={Read, Jocelyn S},
  year={2008},
  publisher={ProQuest}
}
@article{read2009constraints,
  title={Constraints on a phenomenologically parametrized neutron-star equation of state},
  author={Read, Jocelyn S and Lackey, Benjamin D and Owen, Benjamin J and Friedman, John L},
  journal={Physical Review D},
  volume={79},
  number={12},
  pages={124032},
  year={2009},
  publisher={APS}
}
@article{read2013matter,
  title={Matter effects on binary neutron star waveforms},
  author={Read, Jocelyn S and Baiotti, Luca and Creighton, Jolien DE and Friedman, John L and Giacomazzo, Bruno and Kyutoku, Koutarou and Markakis, Charalampos and Rezzolla, Luciano and Shibata, Masaru and Taniguchi, Keisuke},
  journal={Physical Review D},
  volume={88},
  number={4},
  pages={044042},
  year={2013},
  publisher={APS}
}
@book{rezzolla2013relativistic,
  title={Relativistic hydrodynamics},
  author={Rezzolla, Luciano and Zanotti, Olindo},
  year={2013},
  publisher={Oxford University Press}
}
@book{rhebergen2010discontinuous,
  title={Discontinuous Galerkin finite element methods for (non) conservative partial differential equations},
  author={Rhebergen, Sander},
  year={2010},
  publisher={University of Twente}
}
@book{rice2012solving,
  title={Solving elliptic problems using ELLPACK},
  author={Rice, John R and Boisvert, Ronald F},
  volume={2},
  year={2012},
  publisher={Springer Science \& Business Media}
}
@article{roggero2014quantum,
  title={Quantum Monte Carlo Calculations of Neutron Matter with Nonlocal Chiral Interactions},
  author={Roggero, Alessandro and Mukherjee, Abhishek and Pederiva, Francesco},
  journal={Physical review letters},
  volume={112},
  number={22},
  pages={221103},
  year={2014},
  publisher={APS}
}
@article{rosswog2015multi,
  title={Multi-messenger picture of compact binary mergers},
  author={Rosswog, Stephan},
  journal={arXiv preprint arXiv:1501.02081},
  year={2015}
}
@article{ruchlin2014new,
  title={New Puncture Initial Data for Black-Hole Binaries: High Spins and High Boosts},
  author={Ruchlin, Ian and Healy, James and Lousto, Carlos O and Zlochower, Yosef},
  journal={arXiv preprint arXiv:1410.8607},
  year={2014}
}
@article{ruchlin2015puncture,
  title={Puncture Initial Data and Evolution of Black Hole Binaries with High Speed and High Spin},
  author={Ruchlin, Ian},
  year={2015}
}
@article{rudiparallel,
  title={Parallel High-Order Geometric Multigrid Methods on Adaptive Meshes for Highly Heterogeneous Nonlinear Stokes Flow Simulations of Earth’s Mantle},
  author={Rudi, Johann and Sundar, Hari and Isaac, Tobin and Stadler, Georg and Gurnis, Michael and Ghattas, Omar}
}
@book{saad2003iterative,
  title={Iterative methods for sparse linear systems},
  author={Saad, Yousef},
  year={2003},
  publisher={Siam}
}
@article{sampath2010parallel,
  title={A parallel geometric multigrid method for finite elements on octree meshes},
  author={Sampath, Rahul S and Biros, George},
  journal={SIAM Journal on Scientific Computing},
  volume={32},
  number={3},
  pages={1361--1392},
  year={2010},
  publisher={SIAM}
}
@article{schaal2015astrophysical,
  title={Astrophysical hydrodynamics with a high-order discontinuous Galerkin scheme and adaptive mesh refinement},
  author={Schaal, Kevin and Bauer, Andreas and Chandrashekar, Praveen and Pakmor, R{\"u}diger and Klingenberg, Christian and Springel, Volker},
  journal={arXiv preprint arXiv:1506.06140},
  year={2015}
}
@article{scheel2014improved,
  title={Improved methods for simulating nearly extremal binary black holes},
  author={Scheel, Mark A and Giesler, Matthew and Hemberger, Daniel A and Lovelace, Geoffrey and Kuper, Kevin and Boyle, Michael and Szilagyi, Bela and Kidder, Lawrence E},
  journal={arXiv preprint arXiv:1412.1803},
  year={2014}
}
@article{schutz1984gravitational,
  title={Gravitational waves on the back of an envelope},
  author={Schutz, Bernard F},
  journal={American Journal of Physics},
  volume={52},
  number={5},
  pages={412--419},
  year={1984},
  publisher={American Association of Physics Teachers}
}@article{shahbazi2009multigrid,
  title={Multigrid algorithms for high-order discontinuous Galerkin discretizations of the compressible Navier-Stokes equations},
  author={Shahbazi, Khosro and Mavriplis, Dimitri J and Burgess, Nicholas K},
  journal={Journal of Computational Physics},
  volume={228},
  number={21},
  pages={7917-7940},
  year={2009},
  publisher={Elsevier}
}
@article{sherwin20062d,
  title={On 2D elliptic discontinuous Galerkin methods},
  author={Sherwin, SJ and Kirby, RM and Peir{\'o}, J and Taylor, RL and Zienkiewicz, OC},
  journal={International journal for numerical methods in engineering},
  volume={65},
  number={5},
  pages={752--784},
  year={2006},
  publisher={Wiley Online Library}
}
@misc{shewchuk1994introduction,
  title={An introduction to the conjugate gradient method without the agonizing pain},
  author={Shewchuk, Jonathan Richard},
  year={1994},
  publisher={Carnegie-Mellon University. Department of Computer Science}
}
@article{shibata2011coalescence,
  title={Coalescence of black hole-neutron star binaries},
  author={Shibata, Masaru and Taniguchi, Keisuke},
  journal={Living Rev. Relativity},
  volume={14},
  number={6},
  year={2011}
}
@article{shojai2015equivalence,
  title={The equivalence principle and the relative velocity of local inertial frames},
  author={Shojai, F and Shojai, A},
  journal={American Journal of Physics},
  volume={83},
  number={6},
  pages={555--559},
  year={2015},
  publisher={American Association of Physics Teachers}
}
@article{siegel2015electromagnetic,
  title={Electromagnetic emission from long-lived binary neutron star merger remnants II: lightcurves and spectra},
  author={Siegel, Daniel M and Ciolfi, Riccardo},
  journal={arXiv preprint arXiv:1508.07939},
  year={2015}
}
@article{silbar2004neutron,
  title={Neutron stars for undergraduates},
  author={Silbar, Richard R and Reddy, Sanjay},
  journal={American journal of physics},
  volume={72},
  number={7},
  pages={892--905},
  year={2004},
  publisher={American Association of Physics Teachers}
}
@article{somiya2012detector,
  title={Detector configuration of KAGRA--the Japanese cryogenic gravitational-wave detector},
  author={Somiya, Kentaro},
  journal={Classical and Quantum Gravity},
  volume={29},
  number={12},
  pages={124007},
  year={2012},
  publisher={IOP Publishing}
}
@book{sopuerta2015gravitational,
  title={Gravitational Wave Astrophysics: Proceedings of the Third Session of the Sant Cugat Forum on Astrophysics},
  author={Sopuerta, C.F.},
  isbn={9783319104874},
  series={Astrophysics and Space Science Proceedings},
  url={http://books.google.ca/books?id=NpKwoAEACAAJ},
  year={2015},
  publisher={Springer International Publishing}
}
@article{sperhake2014numerical,
  title={The numerical relativity breakthrough for binary black holes},
  author={Sperhake, Ulrich},
  journal={arXiv preprint arXiv:1411.3997},
  year={2014}
}
@book{steeb1997matrix,
  title={Matrix calculus and Kronecker product with applications and C++ programs},
  author={Steeb, W-H and Shi, Tan Kiat},
  year={1997},
  publisher={World Scientific}
}
@inproceedings{sundar2012parallel,
  title={Parallel geometric-algebraic multigrid on unstructured forests of octrees},
  author={Sundar, Hari and Biros, George and Burstedde, Carsten and Rudi, Johann and Ghattas, Omar and Stadler, Georg},
  booktitle={Proceedings of the International Conference on High Performance Computing, Networking, Storage and Analysis},
  pages={43},
  year={2012},
  organization={IEEE Computer Society Press}
}
@article{sundar2015comparison,
  title={Comparison of multigrid algorithms for high-order continuous finite element discretizations},
  author={Sundar, Hari and Stadler, Georg and Biros, George},
  journal={Numerical Linear Algebra with Applications},
  year={2015},
  publisher={Wiley Online Library}
}
@misc{sxswebsite,
  howpublished={\url{http://black-holes.org/}}
}

@article{takami2014constraining,
  title={Constraining the equation of state of neutron stars from binary mergers},
  author={Takami, Kentaro and Rezzolla, Luciano and Baiotti, Luca},
  journal={Physical review letters},
  volume={113},
  number={9},
  pages={091104},
  year={2014},
  publisher={APS}
}
@article{takami2015spectral,
  title={Spectral properties of the post-merger gravitational-wave signal from binary neutron stars},
  author={Takami, Kentaro and Rezzolla, Luciano and Baiotti, Luca},
  journal={Physical Review D},
  volume={91},
  number={6},
  pages={064001},
  year={2015},
  publisher={APS}
}
@article{tesini2008h,
  title={An h-multigrid approach for high-order discountinuous Galerkin methods},
  author={Tesini, Pietro},
  year={2008},
  publisher={Universit{\`a} degli studi di Bergamo}
}
@article{teukolsky2015formulation,
  title={Formulation of discontinuous Galerkin methods for relativistic astrophysics},
  author={Teukolsky, Saul A},
  journal={arXiv preprint arXiv:1510.01190},
  year={2015}
}
@phdthesis{thllius2011accelerated,
  title={Accelerated Discontinuous Galerkin Solvers with the Chebyshev Iterative Method on the Graphics Processing Unit},
  author={Thllius, Toni Kathleen},
  year={2011},
  school={RICE UNIVERSITY}
}
@article{tichy2011initial,
  title={Initial data for binary neutron stars with arbitrary spins},
  author={Tichy, Wolfgang},
  journal={Physical Review D},
  volume={84},
  number={2},
  pages={024041},
  year={2011},
  publisher={APS}
}
@article{tornabene2014strong,
  title={Strong formulation finite element method based on differential quadrature: a survey},
  author={Tornabene, Francesco and Fantuzzi, Nicholas and Ubertini, Francesco and Viola, Erasmo},
  journal={Applied Mechanics Reviews doi},
  volume={10},
  number={1.4028859},
  year={2014}
}
@article{tsatsin2013initial,
  title={Initial data for neutron star binaries with arbitrary spins},
  author={Tsatsin, Petr and Marronetti, Pedro},
  journal={Physical Review D},
  volume={88},
  number={6},
  pages={064060},
  year={2013},
  publisher={APS}
}
@article{tsokaros2013binary,
  title={Binary black hole circular orbits computed with cocal},
  author={Tsokaros, Antonios and Ury{\=u}, K{\=o}ji},
  journal={Journal of Engineering Mathematics},
  volume={82},
  number={1},
  pages={133--141},
  year={2013},
  publisher={Springer}
}
@article{tsokaros2015new,
  title={A new code for quasi-equilibrium initial data of binary neutron stars: corotating, irrotational and slowly spinning systems},
  author={Tsokaros, Antonios and Uryu, Koji and Rezzolla, Luciano},
  journal={arXiv preprint arXiv:1502.05674},
  year={2015}
}
@article{usman2015improved,
  title={An improved pipeline to search for gravitational waves from compact binary coalescence},
  author={Usman, Samantha A and Kehl, Marcel S and Nitz, Alexander H and Harry, Ian W and Brown, Duncan A and Capano, Collin D and Dent, Thomas and Fairhurst, Stephen and Pfeiffer, Harald P and Biwer, Christopher M and others},
  journal={arXiv preprint arXiv:1508.02357},
  year={2015}
}
@article{vos2015measurements,
  title={Measurements of the Mass and Radius of a Neutron Star: consequences for the Equation of State of dense nuclear matter},
  author={Vos, Tobias and M{\'e}ndez, Mariano},
  year={2015}
}
@book{wang2011adaptive,
  title={Adaptive high-order methods in computational fluid dynamics},
  author={Wang, Zhi Jian},
  volume={2},
  year={2011},
  publisher={World Scientific}
}
@article{wathen2015preconditioning,
  title={Preconditioning},
  author={Wathen, AJ},
  journal={Acta Numerica},
  volume={24},
  pages={329--376},
  year={2015},
  publisher={Cambridge Univ Press}
}
@article{wirasaet2014discontinuous,
  title={Discontinuous Galerkin methods with nodal and hybrid modal/nodal triangular, quadrilateral, and polygonal elements for nonlinear shallow water flow},
  author={Wirasaet, D and Kubatko, EJ and Michoski, CE and Tanaka, S and Westerink, JJ and Dawson, C},
  journal={Computer Methods in Applied Mechanics and Engineering},
  volume={270},
  pages={113--149},
  year={2014},
  publisher={Elsevier}
}
@article{witkowski2015software,
  title={Software concepts and numerical algorithms for a scalable adaptive parallel finite element method},
  author={Witkowski, T and Ling, S and Praetorius, S and Voigt, A},
  journal={Advances in Computational Mathematics},
  pages={1--33},
  year={2015},
  publisher={Springer}
}
@book{wolfmeyer2007validity,
  title={Validity of initial data for binary neutron star inspiral},
  author={Wolfmeyer, Randy},
  year={2007},
  publisher={ProQuest}
}
@article{xu2012equations,
  title={Equations of State and Maximum Mass of Neutron Stars in light of PSR J1614-2230},
  author={Xu, Carlos Daniel},
  journal={arXiv preprint arXiv:1210.5667},
  year={2012}
}
@article{yagi2014love,
  title={Why I-Love-Q: Explaining why universality emerges in compact objects},
  author={Yagi, Kent and Stein, Leo C and Pappas, George and Yunes, Nicol{\'a}s and Apostolatos, Theocharis A},
  journal={Physical Review D},
  volume={90},
  number={6},
  pages={063010},
  year={2014},
  publisher={APS}
}
@article{yakovlev2015cg,
  title={To CG or to HDG: A Comparative Study in 3D},
  author={Yakovlev, Sergey and Moxey, David and Kirby, Robert M and Sherwin, Spencer J},
  journal={Journal of Scientific Computing},
  pages={1--29},
  year={2015},
  publisher={Springer}
}
@misc{ytwebsite,
  howpublished={\url{http://yt-project.org/}}
}
@article{zhu2011energy,
  title={Energy norm a posteriori error estimation for hp-adaptive discontinuous Galerkin methods for elliptic problems in three dimensions},
  author={Zhu, Liang and Giani, Stefano and Houston, Paul and Sch{\"o}tzau, Dominik},
  journal={Mathematical Models and Methods in Applied Sciences},
  volume={21},
  number={02},
  pages={267--306},
  year={2011},
  publisher={World Scientific}
}
@article{zhukov2015multigrid,
  title={Multigrid method for elliptic equations with anisotropic discontinuous coefficients},
  author={Zhukov, VT and Novikova, ND and Feodoritova, OB},
  journal={Computational Mathematics and Mathematical Physics},
  volume={55},
  number={7},
  pages={1150--1163},
  year={2015},
  publisher={Springer}
}
